
@misc{nerf,
  doi = {10.48550/ARXIV.2003.08934},
  
  url = {https://arxiv.org/abs/2003.08934},
  
  author = {Mildenhall, Ben and Srinivasan, Pratul P. and Tancik, Matthew and Barron, Jonathan T. and Ramamoorthi, Ravi and Ng, Ren},
  
  keywords = {Computer Vision and Pattern Recognition (cs.CV), Graphics (cs.GR), FOS: Computer and information sciences, FOS: Computer and information sciences},
  
  title = {NeRF: Representing Scenes as Neural Radiance Fields for View Synthesis},
  
  publisher = {arXiv},
  
  year = {2020},
  
  copyright = {arXiv.org perpetual, non-exclusive license}
}

@article{ingp,
	author = {Thomas M\"uller and Alex Evans and Christoph Schied and Alexander Keller},
	title = {Instant Neural Graphics Primitives with a Multiresolution Hash Encoding},
	journal = {ACM Trans. Graph.},
	issue_date = {July 2022},
	volume = {41},
	number = {4},
	month = jul,
	year = {2022},
	pages = {102:1--102:15},
	articleno = {102},
	numpages = {15},
	url = {https://doi.org/10.1145/3528223.3530127},
	doi = {10.1145/3528223.3530127},
	publisher = {ACM},
	address = {New York, NY, USA},
	keywords = {real-time, rendering, deep learning, neural networks, path tracing, radiance caching, hashing, gpu, parallel computation, function approximation, encodings, image synthesis}
}

@article{pleno,
  author    = {Alex Yu and
               Sara Fridovich{-}Keil and
               Matthew Tancik and
               Qinhong Chen and
               Benjamin Recht and
               Angjoo Kanazawa},
  title     = {Plenoxels: Radiance Fields without Neural Networks},
  journal   = {CoRR},
  volume    = {abs/2112.05131},
  year      = {2021},
  url       = {https://arxiv.org/abs/2112.05131},
  eprinttype = {arXiv},
  eprint    = {2112.05131},
  timestamp = {Mon, 13 Dec 2021 17:51:48 +0100},
  biburl    = {https://dblp.org/rec/journals/corr/abs-2112-05131.bib},
  bibsource = {dblp computer science bibliography, https://dblp.org}
}